<record xmlns:xsi="http://www.w3.org/2001/XMLSchema-instance" xmlns="http://www.loc.gov/MARC21/slim" xsi:schemaLocation="http://www.loc.gov/MARC21/slim http://www.loc.gov/standards/marcxml/schema/MARC21slim.xsd">

  <leader>00873nam a2200205   4500</leader>
  <controlfield tag="008">160503b1995    cr ||||| |||| 00| | spa d</controlfield>
  <datafield ind2=" " ind1=" " tag="090">
    <subfield code="a">18.09.01  </subfield>
    <subfield code="b">2195</subfield>
  </datafield>
  <datafield ind2=" " ind1="1" tag="110">
    <subfield code="9">545</subfield>
    <subfield code="a">Costa Rica. Ministerio de Educación Pública</subfield>
  </datafield>
  <datafield tag="245" ind1="1" ind2="0">
    <subfield code="a">Marco de referencia y directrices técnicas para la evaluación en el sistema de educación formal: normas básicas reguladoras del proceso educativo / </subfield>
    <subfield code="c">Ministerio de Educación Pública</subfield>
  </datafield>
  <datafield ind2=" " ind1=" " tag="260">
    <subfield code="a">[San José, Costa Rica] : </subfield>
    <subfield code="b">El Ministerio,</subfield>
    <subfield code="c">1995</subfield>
  </datafield>
  <datafield tag="300" ind2=" " ind1=" ">
    <subfield code="a">22 páginas</subfield>
  </datafield>
  <datafield tag="500" ind2=" " ind1=" ">
    <subfield code="a">Aprobado en la sesión 13-95 del 16 de febrero de 1995, del Consejo Superior de Educación</subfield>
  </datafield>
  <datafield tag="650" ind2="4" ind1="1">
    <subfield code="9">287</subfield>
    <subfield code="a">EVALUACIÓN </subfield>
  </datafield>
  <datafield tag="650" ind2="4" ind1="1">
    <subfield code="9">45</subfield>
    <subfield code="a">LEGISLACIÓN</subfield>
  </datafield>
  <datafield tag="650" ind2="0" ind1="1">
    <subfield code="a">EDUCACIÓN NO FORMAL </subfield>
    <subfield code="9">386</subfield>
  </datafield>
  <datafield tag="650" ind1="1" ind2="4">
    <subfield code="9">451</subfield>
    <subfield code="a">POLÍTICA EDUCATIVA</subfield>
  </datafield>
  <datafield ind1="1" ind2="4" tag="650">
    <subfield code="9">11</subfield>
    <subfield code="a">CALIDAD DE LA EDUCACIÓN</subfield>
  </datafield>
  <datafield tag="650" ind2="4" ind1="1">
    <subfield code="9">1523</subfield>
    <subfield code="a">PROCESO DE APRENDIZAJE</subfield>
  </datafield>
  <datafield ind2=" " ind1=" " tag="942">
    <subfield code="2">z</subfield>
    <subfield code="c">01</subfield>
  </datafield>
  <datafield tag="999" ind2=" " ind1=" ">
    <subfield code="c">3200</subfield>
    <subfield code="d">3200</subfield>
  </datafield>
</record>